<record><leader>00000cas a2200000 a 4500</leader><controlfield tag="001">12863594</controlfield><controlfield tag="008">851203c188u9999kyuwr ne      0    0eng d</controlfield><controlfield tag="009">5569</controlfield><datafield ind1=" " ind2=" " tag="010"><subfield code="a">sn 85052206 </subfield></datafield><datafield ind1=" " ind2=" " tag="040"><subfield code="a">KNP</subfield><subfield code="b">eng</subfield><subfield code="c">KNP</subfield><subfield code="d">OCL</subfield><subfield code="d">OCLCQ</subfield><subfield code="d">KYUBL</subfield><subfield code="d">OCLCQ</subfield><subfield code="d">OCLCO</subfield><subfield code="d">OCLCF</subfield></datafield><datafield ind1="1" ind2=" " tag="029"><subfield code="a">AU@</subfield><subfield code="b">000022168872</subfield></datafield><datafield ind1=" " ind2=" " tag="042"><subfield code="a">msc</subfield></datafield><datafield ind1=" " ind2=" " tag="043"><subfield code="a">n-us-ky</subfield></datafield><datafield ind1="0" ind2=" " tag="130"><subfield code="a">Jessamine journal (Nicholasville, Ky.)</subfield></datafield><datafield ind1="1" ind2="4" tag="245"><subfield code="a">The Jessamine journal.</subfield></datafield><datafield ind1=" " ind2=" " tag="260"><subfield code="a">Nicholasville, Ky. :</subfield><subfield code="b">Chas. Metcalf, Jr.</subfield></datafield><datafield ind1=" " ind2=" " tag="300"><subfield code="a">v. :</subfield><subfield code="b">ill.</subfield></datafield><datafield ind1=" " ind2=" " tag="310"><subfield code="a">Weekly</subfield></datafield><datafield ind1=" " ind2=" " tag="588"><subfield code="a">Description based on: Vol. 13, no. 15 (Apr. 24, 1885).</subfield></datafield><datafield ind1=" " ind2="0" tag="651"><subfield code="a">Jessamine County (Ky.)</subfield><subfield code="v">Newspapers.</subfield></datafield><datafield ind1=" " ind2="0" tag="651"><subfield code="a">Nicholasville (Ky.)</subfield><subfield code="v">Newspapers.</subfield></datafield><datafield ind1=" " ind2="7" tag="655"><subfield code="a">Newspapers.</subfield><subfield code="2">fast</subfield><subfield code="0">(OCoLC)fst01423814</subfield></datafield><datafield ind1=" " ind2="7" tag="651"><subfield code="a">Kentucky</subfield><subfield code="z">Jessamine County.</subfield><subfield code="2">fast</subfield><subfield code="0">(OCoLC)fst01205726</subfield></datafield><datafield ind1=" " ind2="7" tag="651"><subfield code="a">Kentucky</subfield><subfield code="z">Nicholasville.</subfield><subfield code="2">fast</subfield><subfield code="0">(OCoLC)fst01228929</subfield></datafield><datafield ind1=" " ind2=" " tag="752"><subfield code="a">United States</subfield><subfield code="b">Kentucky</subfield><subfield code="c">Jessamine</subfield><subfield code="d">Nicholasville.</subfield></datafield><datafield ind1="0" ind2="0" tag="780"><subfield code="t">Journal-courier (Nicholasville, Ky.)</subfield><subfield code="w">(DLC)sn 85052204</subfield></datafield><datafield ind1="0" ind2="5" tag="780"><subfield code="t">Jessamine news-week</subfield><subfield code="w">(DLC)sn 85052208</subfield><subfield code="g">Sept. 26, 1957</subfield></datafield><datafield ind1="0" ind2="5" tag="780"><subfield code="t">Jessamine County star</subfield><subfield code="w">(DLC)sn 85052207</subfield><subfield code="g">Mar. 26, 1964</subfield></datafield></record>